@book{masksoftheuniverse,
    author    = "Edward Harrison",
    title     = "Masks of the Universe",
    year      = "1985",
    publisher = "Macmillan Publishing Company",
    address   = "New York, NY"
}

@book{cosmology,
    author    = "Edward Harrison",
    title     = "Cosmology: The Science of the Universe",
    year      = "2000",
    publisher = "Cambridge University Press",
    address   = "Cambridge, UK"
}

@book{beyondthegalaxy,
    author    = "Ethan Siegel",
    title     = "Beyond the Galaxy",
    year      = "2016",
    publisher = "World Scientfic",
    address   = "Singapore"
}

@book{cosmologyforthecurious,
    author    = "Delia Perlov and Alex Vilenkin",
    title     = "Cosmology for the Curious",
    year      = "2017",
    publisher = "Springer International Publishing AG",
    address   = "Cham, Switzerland"
}

@book{astrophysicsforpeopleinahurry,
    author    = "Neil de Grasse Tyson",
    title     = "Astrophysics for People in a Hurry",
    year      = "2017",
    publisher = "W. W. Norton and Company",
    address   = "New York, NY"
}

@book{afortunateuniverse,
    author    = "Geraint F. Lewis and Luke A. Barnes",
    title     = "A Fortunate Universe",
    year      = "2016",
    publisher = "Cambridge University Press",
    address   = "Cambridge, UK"
}

@book{abrieferhistoryoftime,
    author    = "Stephen Hawking",
    title     = "A Briefer History of Time",
    year      = "2005",
    publisher = "Bantam Dell",
    address   = "New York, NY"
}

@book{abriefhistoryoftime,
    author    = "Stephen Hawking",
    title     = "A Brief History of Time",
    year      = "2017",
    publisher = "Bantam Books",
    address   = "New York, NY"
}
@book{thebigpicture,
    author    = "Sean Carroll",
    title     = "The Big Picture",
    year      = "2016",
    publisher = "Dutton",
    address   = "New York, NY"
}

@book{justsixnumbers,
    author    = "Martin Rees",
    title     = "Just Six Numbers",
    year      = "2000",
    publisher = "Basic Books",
    address   = "New York, NY"
}

@book{blackhole,
    author    = "Marcia Bartusiak",
    title     = "Black Hole",
    year      = "2015",
    publisher = "Yale University Press",
    address   = "New Haven, CT"
}

@book{thehiddenreality,
    author    = "Brian Greene",
    title     = "The Hidden Reality",
    year      = "2011",
    publisher = "Alfred A. Knoff",
    address   = "New York, NY"
}

@book{thefabricofthecosmos,
    author    = "Brian Greene",
    title     = "The Fabric of the Cosmos",
    year      = "2004",
    publisher = "Vintage Books",
    address   = "New York, NY"
}

@book{realativity,
    author    = "Albert Einstein",
    title     = "Relativity, Fifteenth Edition",
    year      = "1952",
    publisher = "Three Rivers Press",
    address   = "New York, NY"
}

@book{thegranddesign,
    author    = "Stephen Hawking and Leonard Mlodinow",
    title     = "The Grand Design",
    year      = "2010",
    publisher = "Batam Books",
    address   = "New York, NY"
}

@book{thecopernicuscomplex,
    author    = "Caleb Scharf",
    title     = "The Copernicus Complex",
    year      = "2014",
    publisher = "Scientific American",
    address   = "New York, NY"
}

@book{gravitysengines,
    author    = "Caleb Scharf",
    title     = "Gravity's Engines",
    year      = "2012",
    publisher = "Scientific American",
    address   = "New York, NY"
}

@book{auniversiefromnothing,
    author    = "Lawerence Krauss",
    title     = "A Universe from Nothing",
    year      = "2012",
    publisher = "Free Press",
    address   = "New York, NY"
}

@article{projecttuva,
    author    = "Richard Feynman",
    title     = "{Messenger Lecture Series - Distinction of the Past and Future}",
    journal =   "Collaborative Research Project with Bill Gates",
    year =      "2009",
    DOI       = "https://www.microsoft.com/en-us/research/project/tuva-richard-feynman/?from=http%3A%2F%2Fresearch.microsoft.com%2Ftuva"
}

@article{einsteinemb,
  author =       "Albert Einstein",
  title =        "{Zur Elektrodynamik bewegter K{\"o}rper}. ({German})
                 [{On} the electrodynamics of moving bodies]",
  journal =      "Annalen der Physik",
  volume =       "322",
  number =       "10",
  pages =        "891--921",
  year =         "1905",
  DOI =          "http://dx.doi.org/10.1002/andp.19053221004"
}

@misc{appec,
    author    = "Astroparticle Physics European Consortium",
    title     = "European Astroparticle Physics Strategy",
    year      = "2017",
    url       = "http://www.appec.org/wp-content/uploads/2017/08/APPEC-Strategy-Book-Proof-23-Nov-2.pdf"
}

@book{gravity,
    author    = "James B. Hartle",
    title     = "Gravity - An Introduction to Einstein's General Relativity",
    year      = "2003",
    publisher = "Addison Wesley",
    address   = "San Francisco, CA"
}

@book{introtocosmology,
    author    = "Barbara Ryden",
    title     = "Introduction To Cosmology",
    year      = "2017",
    publisher = "Cambridge University Press",
    address   = "Cambridge, UK"
}

@book{astrophysicsinanutshell,
    author    = "Dan Maoz",
    title     = "Astrophysics in a Nutshell",
    year      = "2016",
    publisher = "Princeton University Press",
    address   = "Princeton, NJ"
}

@book{gravitysfatalattraction,
    author    = "Mitchell Begelman and Martin Rees",
    title     = "Gravity's Fatal Attraction",
    year      = "2010",
    publisher = "Cambridge University Press",
    address   = "Cambridge, UK"
}


@book{blackholesandtimewarps,
    author    = "Kip S. Thorne ",
    title     = "Black Holes and Time Warps",
    year      = "2003",
    publisher = "W. W. Norton and Company",
    address   = "New York, NY"
}

@conference{cosmologytoday,
    author    = "Jorge L. Cervantes-Cota and George Smoot",
    title     = "Cosmology today - A brief review",
    year      = "2011",
    volume    = "1396",
    booktitle = "API Conference Proceedings"
}

@misc{cosmologyabriefrefreshercourse,
    author    = "Institute of Theoretical Astrophysics",
    title     = "Cosmology - a brief refresher course",
    note      = "University of Heidelberg",
    url       = "http://www.ita.uni-heidelberg.de/~pcc/dark_ages_script.pdf?lang=en"
}

@book{connectingquarkswiththecosmos,
    author    = "National Research Council/Michael S. Turner",
    title     = "Connecting Quarks with the Cosmos: Eleven Science Questions for the New Century",
    year      = "2003",
    publisher = "The National Academies Press",
    address   = "Washington, DC"
}

@misc{cosmologyaresearchbriefing,
    author    = "Panel on Cosmology by the Board on Physics and Astronomy",
    title     = "Cosmology: A Research Briefing",
    year      = "1995",
    note      = "ISBN: 0309591767",
    howpublished = "\url{http://www.nap.edu/catalog/9293.html}"
}

@electronic{expositiononinflationarycosmology,
    author    = "Gary Scott Watson",
    title     = "An Exposition on Inflationary Cosmology",
    year      = "2000",
    note      = "NASA/IPAC Extragalactic Database (NED) and California Institute of Technology",
    howpublished = "\url{https://ned.ipac.caltech.edu/level5/Watson/Watson_contents.html}"
}

@book{amostincomprehensiblething,
    author    = "Peter Collier",
    title     = "A Most Incomprehensible Thing",
    year      = "2017",
    publisher = "Incomprehensible Books",
    address   = "ISBN 978-0-9573894-6-5"
}

@book{specialrelativity,
    author    = "David Morin",
    title     = "Special Relativity For the Enthusiastic Beginner",
    year      = "2017",
    publisher = "Create Space",
    address   = "ISBN-10, 1542323517"
}

@book{thefirstthreeminutes,
    author    = "Steven Weinberg",
    title     = "The First Three Minutes",
    year      = "1993",
    publisher = "Basic Books",
    address   = "New York, NY"
}

@book{searchingforstarsonanislandinmaine,
    author    = "Alan Lightman",
    title     = "Searching for Stars on an Island in Maine",
    year      = "2018",
    publisher = "Pantheon Books",
    address   = "New York, NY"
}

@book{theorderoftime,
    author    = "Carlo Rovelli",
    title     = "The Order of Time",
    year      = "2018",
    publisher = "Riverhead Books",
    address   = "New York, NY"
}

@book{frometernitytohere,
    author    = "Sean Carroll",
    title     = "From Eternity to Here",
    year      = "2010",
    publisher = "Random House",
    address   = "New York, NY"
}

@book{moderncosmology,
    author    = "Scott Dodelson",
    title     = "Modern Cosmology",
    year      = "2003",
    publisher = "Academic Press",
    address   = "San Diego, CA"
}

@book{fourpercentuniverse,
    author    = "Richard Panek",
    title     = "The 4 Percent Universe",
    year      = "2011",
    publisher = "Mariner Books",
    address   = "New York, NY"
}

@electronic{cosmicinflationandthearrowoftime,
    author    = "Andreas Albrecht",
    title     = "Cosmic Inflation and the Arrow of Time",
    year      = "2003",
    note      = "Science and Ultimate Reality: From Quantum to Cosmos",
    howpublished = "\url{https://arxiv.org/abs/astro-ph/0210527v3}"
}

@electronic{cosmicinflation,
    author    = "Andreas Albrecht",
    title     = "Cosmic Inflation",
    year      = "2000",
    note      = "Lectures presented at the NATO Advanced Studies Institute, Structure Formation in the Universe, Cambridge 1999",
    howpublished = "\url{https://arxiv.org/abs/astro-ph/0007247v2}"
}

@electronic{inflationarycosmology,
    author    = "Alan Guth",
    title     = "Inflationary Cosmology: Is Our Universe Part of a Multiverse",
    year      = "2018",
    note      = "Salam Distinguished Lecture 2018 at the Abdus Salam International Centre for Theoretical Physics",
    howpublished = "\url{https://arxiv.org/abs/1707.03280v1}"
}

@electronic{spontaneousinflationandtheoriginofthearrowoftime,
    author    = "Sean M. Carroll and Jennifer Chen",
    title     = "Spontaneous Inflation and the Origin of the Arrow of Time",
    year      = "2014",
    howpublished = "\url{https://arxiv.org/abs/hep-th/0410270v1}"
}

@electronic{cosmologicalwheeloftime,
    author    = "Bal Krishna Yadav and Murli Manohar Verma",
    title     = "Cosmological wheel of time: A classical perspective of f(R) gravity",
    year      = "2017",
    howpublished = "\url{https://arxiv.org/abs/1707.03280v1}"
}

@electronic{dynamicsoffRgravitymodelsandasymmetryoftime,
    author    = "Murli Manohar Verma and Bal Krishna Yadav",
    title     = "Dynamics of f(R) gravity models and asymmetry of time",
    year      = "2018",
    howpublished = "\url{https://arxiv.org/abs/1506.08649}"
}

@electronic{fRtheoriesofgravity,
    author    = "Thomas P. Sotiriou and Valerio Faraoni",
    title     = "f(R) Theories of Gravity",
    year      = "2010",
    howpublished = "\url{https://arxiv.org/abs/0805.1726}"
}
